@ARTICLE{0,
  author={Tu, Zhen and Li, Yong and Hui, Pan and Su, Li and Jin, Depeng},
  journal={IEEE Transactions on Mobile Computing}, 
  title={Personalized Mobile App Recommendation by Learning User's Interest from Social Media}, 
  year={2020},
  volume={19},
  number={11},
  pages={2670-2683},
  keywords={Social networking (online);Correlation;Mobile computing;Sociology;Estimation;Data privacy;App recommendation;social media;transfer learning;matrix factorization},
  doi={10.1109/TMC.2019.2929388}
}
@article{1.1,
    author =  "Zeshan Fayyaz, Mahsa Ebrahimian, Dina Nawara, Ahmed Ibrahim, Rasha Kashef",
    title = "Recommendation Systems: Algorithms, Challenges, Metrics, and Business Opportunities",
    journal = "Applied Science",
    year = "2020"
}
@Inbook{1.2,
    author="Shani, Guy and Gunawardana, Asela",
    editor="Ricci, Francesco and Rokach, Lior and Shapira, Bracha and Kantor, Paul B.",
    title="Evaluating Recommendation Systems",
    bookTitle="Recommender Systems Handbook",
    year="2011",
    publisher="Springer US",
    address="Boston, MA",
    pages="257--297",
    isbn="978-0-387-85820-3",
    doi="10.1007/978-0-387-85820-3_8",
    url="https://doi.org/10.1007/978-0-387-85820-3_8"
}
@article{1.3,
    author = "Zhenhua Dong, Zhe Wang, Jun Xu, Ruiming Tang, Jirong Wen",
    title = "A Brief History of Recommender Systems",
    journal = "DLP-KDD 2022",
    year = "2022"
}
@incollection{2.1,
  title={Collaborative filtering recommender systems},
  author={Schafer, J Ben and Frankowski, Dan and Herlocker, Jon and Sen, Shilad},
  booktitle={The adaptive web: methods and strategies of web personalization},
  pages={291--324},
  year={2007},
  publisher={Springer}
}
@inproceedings{2.2,
  title={Using content-based filtering for recommendation},
  author={Van Meteren, Robin and Van Someren, Maarten},
  booktitle={Proceedings of the machine learning in the new information age: MLnet/ECML2000 workshop},
  volume={30},
  pages={47--56},
  year={2000},
  organization={Barcelona}
}
@article{2.3,
  title={A comparative overview of hybrid recommender systems: Review, challenges, and prospects},
  author={Seth, Rakhi and Sharaff, Aakanksha},
  journal={Data mining and machine learning applications},
  pages={57--98},
  year={2022},
  publisher={Wiley Online Library}
}
@ARTICLE{2.4,
    author={Adomavicius, G. and Tuzhilin, A.},
    journal={IEEE Transactions on Knowledge and Data Engineering}, 
    title={Toward the next generation of recommender systems: a survey of the state-of-the-art and possible extensions}, 
    year={2005},
    volume={17},
    number={6},
    pages={734-749},
    keywords={Recommender systems;Collaborative work;Filtering;Books;Motion pictures;Hybrid power systems;Collaboration;Business;Context modeling;Cognitive science;Index Terms- Recommender systems;collaborative filtering;rating estimation methods;extensions to recommender systems.},
    doi={10.1109/TKDE.2005.99}
}
@article{3.1,
    author = {Jane Arthurs and Sophia Drakopoulou and Alessandro Gandini},
    title ={Researching YouTube},
    journal = {Convergence},
    volume = {24},
    number = {1},
    pages = {3-15},
    year = {2018},
    doi = {10.1177/1354856517737222},
    URL = {https://doi.org/10.1177/1354856517737222},
    eprint = {https://doi.org/10.1177/1354856517737222},
}
@inproceedings{3.2,
    author = {Zhou, Renjie and Khemmarat, Samamon and Gao, Lixin},
    title = {The impact of YouTube recommendation system on video views},
    year = {2010},
    isbn = {9781450304832},
    publisher = {Association for Computing Machinery},
    address = {New York, NY, USA},
    url = {https://doi.org/10.1145/1879141.1879193},
    doi = {10.1145/1879141.1879193},
    booktitle = {Proceedings of the 10th ACM SIGCOMM Conference on Internet Measurement},
    pages = {404â€“410},
    numpages = {7},
    keywords = {YouTube, recommendation system, video sharing site, view diversity, view sources},
    location = {Melbourne, Australia},
    series = {IMC '10}
}
@ARTICLE{4.1,
    author={Li, Yang and Meng, Shengbin and Zhang, Xinfeng and Wang, Meng and Wang, Shiqi and Wang, Yue and Ma, Siwei},
    journal={IEEE Transactions on Multimedia}, 
    title={User-Generated Video Quality Assessment: A Subjective and Objective Study}, 
    year={2023},
    volume={25},
    number={},
    pages={154-166},
    keywords={Quality assessment;Distortion;Video recording;Databases;Feature extraction;Three-dimensional displays;Convolutional neural networks;Deep neural network;user-generated content;video quality assessment},
    doi={10.1109/TMM.2021.3122347}
}
@INPROCEEDINGS{4.2,
  author={P, Manikandan and A, Manimuthu and J, Sharmila Rajam and K, Sathya Narayana Sharma},
  booktitle={2022 International Conference on Automation, Computing and Renewable Systems (ICACRS)}, 
  title={Prediction of YouTube View Count using Supervised and Ensemble Machine Learning Techniques}, 
  year={2022},
  volume={},
  number={},
  pages={1038-1042},
  keywords={Measurement;Renewable energy sources;Video on demand;Portable computers;Machine learning algorithms;Social networking (online);Predictive models;YouTube Trending video;Exploratory data analysis;Machine Learning;Regression Techniques;Ensemble Learning;Random Forest},
  doi={10.1109/ICACRS55517.2022.10029277}
}

@INPROCEEDINGS{5.1,
  author={Vu-Thi, Van and Luong-The, Dung and Hoang-Van, Quan},
  booktitle={2022 14th International Conference on Knowledge and Systems Engineering (KSE)}, 
  title={An efficient Privacy-Preserving Recommender System}, 
  year={2022},
  volume={},
  number={},
  pages={1-6},
  keywords={Knowledge engineering;Privacy;Data privacy;Protocols;Costs;Systems engineering and theory;Multi-party computation;Privacy-Preserving Recommender System;Recommender System;Secure multi-party computation},
  doi={10.1109/KSE56063.2022.9953800}
}
